2892 4925
349 432 432 530 604
525 422 1162 532 EMENDATIONES

206 619 316 683 snus
401 601 504 700 Ἠοῒη
521 595 686 716 σαίρω
700 593 870 694 ’Μ
887 601 970 710 περὶ
987 599 1114 709 βωμὸν,

208 701 317 842 ὲν,
400 729 517 834 Νὸσφι
536 721 722 839 xpniipruro,
751 728 780 846 15}
796 727 824 807 ri
840 725 929 838 βαρὺ
945 724 1050 844 pipat
1065 728 1180 810 irritor.

344 924 404 1007 lta
426 922 611 1004 scribendi
639 923 730 1003 sunt
755 921 817 1002 isti
836 921 1021 1017 verliculi,
1050 949 1147 1031 quos
1164 951 1213 1004 ex
1232 922 1331 1006 Cal·

345 1037 518 1134 limacho
543 1051 793 1162 depromptos
818 1047 889 1132 effe
913 1070 1025 1162 putat
1056 1050 1120 1132 Cl.
1146 1052 1334 1133 Kusterus

344 1181 392 1262 ad
421 1179 580 1260 Suidam
603 1207 639 1258 v.
662 1177 769 1271 nursi.
814 1180 939 1288 Atqui
968 1177 1201 1262 Callimachi
1228 1175 1332 1261 Airro

343 1301 514 1414 elegiaco
541 1291 712 1387 carmine
739 1304 949 1416 conscripta
977 1307 1148 1388 fuerunt.
1202 1309 1334 1414 Qare

345 1434 385 1514 in
404 1461 450 1513 eo
469 1433 564 1528 sum,
595 1452 637 1512 ut
658 1427 918 1542 Euphorionis
935 1427 1008 1514 effe
1026 1453 1175 1544 putem.
1222 1432 1334 1543 Q‘n

347 1581 387 1642 et
411 1561 578 1672 plurima
602 1559 855 1642 Plutarchum
882 1561 924 1641 in
950 1553 1056 1643 hunc
1080 1559 1258 1643 libellum
1283 1588 1334 1644 ex

345 1687 602 1798 Euphorionis
637 1687 861 1805 (lhiliadibus
899 1685 1121 1773 transtulisse
1157 1689 1333 1773 credide·

348 1815 423 1898 rim
440 1846 451 1896 r
482 1817 585 1925 qood
611 1815 772 1924 quidem
791 1844 813 1895 a
831 1836 920 1898 vero
938 1836 1096 1926 propter
1113 1815 1334 1928 argumenti

346 1939 583 2022 adfinitatem
600 1939 703 2023 haud
719 1943 888 2023 alienum
905 1945 1068 2026 videtur.
1095 1943 1186 2024 Fuit
1201 1961 1334 2026 autem

346 2063 552 2177 Euphorio
569 2065 721 2150 Eriboea
740 2071 938 2166 oriundus,
970 2072 1079 2154 domi
1098 2063 1334 2151 Chalciden·

267 2299 271 2307 Ι
346 2191 406 2286 lis,
437 2197 556 2277 Poeta
575 2223 651 2277 non
673 2195 883 2290 incelebris,
911 2217 1029 2305 quem
1051 2197 1163 2279 unice
1188 2195 1334 2305 amavit

319 2401 321 2409 .
345 2343 385 2404 et
401 2321 540 2404 Latine
558 2326 672 2406 vertit
692 2327 893 2407 Cornelius
914 2327 1067 2408 Gallus.
1115 2326 1275 2408 Amavit
1291 2341 1335 2408 et

345 2451 527 2532 Tiberius
548 2451 772 2560 Imperator,
797 2454 845 2535 de
865 2483 945 2563 quo
965 2455 1194 2535 Suetonius:
1223 2453 1335 2537 Fecit

345 2594 382 2657 et
413 2580 550 2657 Graeca
569 2579 763 2673 Poemata,
789 2580 956 2662 irritatus
975 2583 1332 2676 Eurnonronsnr,

344 2722 380 2784 et
395 2704 597 2795 Rhianum,
622 2723 659 2785 et
678 2708 953 2801 Parthenium
972 2709 1097 2819 qur'bur
1114 2709 1244 2796 Poetis
1261 2706 1331 2791 ad-
1367 2724 1372 2733 '

344 2828 481 2919 modum
492 2828 700 2924 deleilatus,
706 2834 858 2943 scripta
869 2864 989 2917 eorum
1004 2855 1040 2917 et
1052 2836 1227 2944 imagines
1234 2829 1334 2943 pub-

234 2946 235 2951 *
344 2960 421 3040 licis
441 2960 660 3042 bibliothecis
677 2964 778 3043 inter
795 2984 939 3047 veteres
957 2984 995 3046 et
1011 2965 1216 3073 praecipuor
1236 2990 1332 3046 ouc-

344 3108 442 3168 tores
468 3087 663 3170 dedicauit.
710 3091 864 3200 Scriplit
892 3093 1081 3202 plurima,
1102 3094 1150 3172 de
1179 3091 1325 3201 quibus

339 3214 403 3295 Cl.
422 3214 611 3295 Meurfius
631 3217 678 3294 ad
698 3214 937 3309 Helladium,
959 3219 1206 3332 quaomnia,
1228 3215 1328 3313 fere,

272 3369 276 3379 ’
343 3344 369 3424 li
397 3370 518 3424 unum
542 3364 657 3453 atquo
683 3346 846 3427 alterum
870 3346 1119 3456 Epigramma
1142 3347 1327 3453 excipias,

340 3498 481 3579 magno
504 3472 940 3583 literarumdispendio,
962 3475 1081 3557 hodie
1104 3474 1326 3557 defideran·

334 3608 421 3711 'tun
463 3598 746 3681 Obscuritutem
764 3604 844 3709 ejus
863 3603 986 3711 tangit
1003 3602 1189 3683 Clemens
1208 3600 1333 3683 Alex·

342 3722 532 3805 andrinus·
552 3745 591 3805 er
617 3726 756 3806 Cicero
788 3728 961 3809 Divinat.
988 3728 1029 3811 ii.
1064 3729 1132 3832 64.
1191 3724 1331 3836 Quid?

343 3854 592 3945 Poetanemo,
623 3882 720 3935 nemo
742 3855 914 3964 Physicus
932 3852 1129 3965 obscurus?
1156 3855 1227 3935 Ille
1241 3880 1332 3937 vero

183 4086 189 4097 .
344 3980 448 4065 nimis
472 3980 582 4063 etiam
609 3980 775 4089 obsturus
791 3980 1029 4062 Euuuonro.
1079 3983 1139 4064 Ita
1158 3978 1331 4063 scriben-
1426 4055 1428 4077 ι

343 4108 414 4196 dus
442 4106 508 4189 iste
533 4106 656 4203 locus,
685 4109 794 4217 cujus
821 4108 1052 4221 elegantiam
1080 4110 1213 4191 minus
1237 4132 1332 4217 per·

997 4364 1000 4368 ·
1160 4236 1330 4347 speltam
